<?xml version="1.0" encoding="UTF-8"?><record xmlns="http://www.loc.gov/MARC21/slim" xmlns:cinclude="http://apache.org/cocoon/include/1.0" xmlns:zs="http://www.loc.gov/zing/srw/">
  <leader>00423nz  a2200133n  4500</leader>
  <controlfield tag="001">no2009002060</controlfield>
  <controlfield tag="003">DLC</controlfield>
  <controlfield tag="005">20090109075234.0</controlfield>
  <controlfield tag="008">090107n| acannaabn          |n aaa     c</controlfield>
  <datafield tag="010" ind1=" " ind2=" ">
    <subfield code="a">no2009002060</subfield>
  </datafield>
  <datafield tag="035" ind1=" " ind2=" ">
    <subfield code="a">(OCoLC)oca07979134</subfield>
  </datafield>
  <datafield tag="040" ind1=" " ind2=" ">
    <subfield code="a">WaU</subfield>
    <subfield code="b">eng</subfield>
    <subfield code="c">WaU</subfield>
  </datafield>
  <datafield tag="100" ind1="1" ind2=" ">
    <subfield code="a">Twyman, Abigail M.</subfield>
  </datafield>
  <datafield tag="670" ind1=" " ind2=" ">
    <subfield code="a">Accessing the general education curriculum for students with significant cognitive disabilities, 2008:</subfield>
    <subfield code="b">t.p. (Abigail M. Twyman)</subfield>
  </datafield>
</record>